@online{fdossena1,
  title={The lies of Google Stadia},
  author={Federico Dossena},
  year={2019},
  howpublished={\url{https://fdossena.com/?p=stadialies/i.md}}
}
@online{adafruit_photores,
  title={Photoconductive Cells},
  author={Adafruit industries},
  howpublished={\url{https://cdn-learn.adafruit.com/assets/assets/000/010/129/original/APP_PhotocellIntroduction.pdf}}
}
@online{gamersnexus_stadia,
  title={Google Stadia Lag Review: Latency of PC vs. Browser, Chromecast, and Controller},
  author={Steve Burke (Gamers Nexus)},
  year={2019},
  howpublished={\url{https://youtu.be/m0gILReDQsY}}
}
@online{gamersnexus_stadia2,
  title={Not Dead Yet: Google Stadia 2020 Review and Latency Benchmarks for Game Streaming},
  author={Steve Burke (Gamers Nexus)},
  year={2020},
  howpublished={\url{https://youtu.be/hVTsj66g9bA}}
}
@online{gamersnexus_nvidialdat,
  title={Automated System Latency Test Methodology (NVIDIA Latency Analyzer Validation)},
  author={Steve Burke (Gamers Nexus)},
  year={2020},
  howpublished={\url{https://youtu.be/0SZ7ZCac38A}}
}
@online{als_pt19_datasheet,
  title={Everlight ALS-PT19 Datasheet},
  author={Everlight},
  year={2012},
  howpublished={\url{https://cdn.sparkfun.com/datasheets/Components/General%20IC/ALS-PT19-315C-L177-TR_datasheet.pdf}}
}
@online{tcs34725_datasheet,
  title={AMS TCS34725 Datasheet},
  author={AMS},
  year={2020},
  howpublished={\url{https://ams.com/documents/20143/36005/TCS3472_DS000390_3-00.pdf/6fe47e15-e32f-7fa7-03cb-22935da44b26}}
}
@online{atmega32u4_datasheet,
  title={ATmega 32U4 datasheet},
  author={Microchip},
  year={2016},
  howpublished={\url{https://ww1.microchip.com/downloads/en/DeviceDoc/Atmel-7766-8-bit-AVR-ATmega16U4-32U4_Datasheet.pdf}}
}
@manual{vesa_measurementstd,
  title={Flat Panel Display Measurements Standards v2.0},
  author={Video Electronics Standards Association FPDM Task Group},
  year={2005}
}
@article{mprt,
  doi={10.1063/1.4974006},
  url={https://doi.org/10.1063/1.4974006},
  year={2017},
  month=jan,
  publisher={{AIP} Publishing},
  volume={121},
  number={2},
  pages={023108},
  author={Fenglin Peng and Haiwei Chen and Fangwang Gou and Yun-Han Lee and Michael Wand and Ming-Chun Li and Seok-Lyul Lee and Shin-Tson Wu},
  title={Analytical equation for the motion picture response time of display devices},
  journal={Journal of Applied Physics}
}
@online{vishay_dg213_datasheet,
  title={DG213 Datasheet},
  author={Vishay Siliconix},
  year={2017},
  howpublished={\url{https://www.vishay.com/docs/70662/dg213.pdf}}
}
@online{tftcentral_paneltech,
  title={Panel Technologies - TN Film, VA, IPS},
  author={TFTCentral},
  year={2017},
  howpublished={\url{https://www.tftcentral.co.uk/articles/panel_technologies.htm}}
}
@article{mva1,
  doi={10.1155/2018/6386428},
  url={https://doi.org/10.1155/2018/6386428},
  year={2018},
  volume={2018},
  author={Chuen-Lin Tien, Rong-Ji Lin, Shang-Min Yeh},
  title={Light Leakage of Multidomain Vertical Alignment LCDs Using a Colorimetric Model in the Dark State},
  journal={Advances in Condensed Matter Physics}
}
@online{amoled1,
  title={Introduction to OLED Displays Design Guide for Active Matrix OLED (AMOLED) Displays},
  author={4D Systems (defunct)},
  year={2008},
  howpublished={\url{https://web.archive.org/web/20100705004637/http://data.4dsystems.com.au/downloads/micro-OLED/Docs/4D_AMOLED_Presentation.pdf}}
}
@article{flexibleoleds,
  doi={10.1038/357477a0},
  url={https://doi.org/10.1038/357477a0},
  year={1992},
  author={Gustafsson, G., Cao, Y., Treacy, G. et al.},
  title={Flexible light-emitting diodes made from soluble conducting polymers},
  journal={Nature},
  number={357},
  pages={477-479}
}
@online{lcdevolution,
  title={First-Hand:Liquid Crystal Display Evolution - Swiss Contributions},
  author={Engineering and Technology History Wiki},
  year={2017},
  howpublished={\url{https://ethw.org/First-Hand:Liquid_Crystal_Display_Evolution_-_Swiss_Contributions}}
}
@online{localdimming,
  title={LED local dimming explained},
  author={cnet},
  year={2017},
  howpublished={\url{https://www.cnet.com/tech/home-entertainment/led-local-dimming-explained/}}
}
@online{nvidia_linux,
  title={Why Nvidia Graphics Cards are the Worst for Open Source but the Best for Linux Gaming},
  author={PCWorld},
  year={2015},
  howpublished={\url{https://www.pcworld.com/article/2911459/why-nvidia-graphics-cards-are-the-worst-for-open-source-but-the-best-for-linux-gaming.html}}
}
@online{pwm_backlight,
  title={Dimming Options for LCD Brightness Control},
  author={Electronic Products},
  year={2004},
  howpublished={\url{https://www.electronicproducts.com/dimming-options-for-lcd-brightness-control/}}
}
